<record><leader>00000cas a22000007a 4500</leader><controlfield tag="001">17536756</controlfield><controlfield tag="008">880225d19551958ohuwr n       0    0eng d</controlfield><datafield ind1=" " ind2=" " tag="010"><subfield code="a">sn 88077171 </subfield></datafield><datafield ind1=" " ind2=" " tag="040"><subfield code="a">ONP</subfield><subfield code="b">eng</subfield><subfield code="c">ONP</subfield><subfield code="d">OCLCQ</subfield></datafield><datafield ind1=" " ind2=" " tag="042"><subfield code="a">msc</subfield></datafield><datafield ind1="0" ind2="4" tag="245"><subfield code="a">The Vandalia-Butler crossroads chronicle.</subfield></datafield><datafield ind1=" " ind2=" " tag="260"><subfield code="a">Vandalia, Ohio :</subfield><subfield code="b">[Vandalia-Butler Pub. Co.],</subfield><subfield code="c">1955-1958.</subfield></datafield><datafield ind1=" " ind2=" " tag="300"><subfield code="a">v.</subfield></datafield><datafield ind1=" " ind2=" " tag="310"><subfield code="a">Weekly</subfield></datafield><datafield ind1="0" ind2=" " tag="362"><subfield code="a">Vol. 1, no. 2 (Dec. 7, 1955)-v. 4, no. 1 (Nov. 25, 1958).</subfield></datafield><datafield ind1=" " ind2="4" tag="651"><subfield code="a">Vandalia (Ohio)</subfield><subfield code="v">Newspapers.</subfield></datafield><datafield ind1=" " ind2="4" tag="651"><subfield code="a">Montgomery County (Ohio)</subfield><subfield code="v">Newspapers.</subfield></datafield><datafield ind1=" " ind2=" " tag="752"><subfield code="a">United States</subfield><subfield code="b">Ohio</subfield><subfield code="c">Montgomery</subfield><subfield code="d">Vandalia.</subfield></datafield><datafield ind1="0" ind2="0" tag="780"><subfield code="t">Vandalia-Butler leader</subfield><subfield code="w">(DLC)sn 88077170</subfield></datafield><datafield ind1="0" ind2="0" tag="785"><subfield code="t">Crossroads chronicle</subfield><subfield code="w">(DLC)sn 88077172</subfield></datafield><datafield ind1="1" ind2=" " tag="029"><subfield code="a">AU@</subfield><subfield code="b">000025841449</subfield></datafield></record>